@article{bluenoise,
	author	= {Corsini, M and Cignoni, P and Scopigno, R},
	title 	= {Efficient and Flexible Sampling with Blue Noise Properties of Triangular Meshes},
	journal = {IEEE TRANSACTIONS ON V Н.К.ISUALIZATION AND COMPUTER GRAPHICS},
	year 	= 2012,
	volume 	= {18},
	number 	= {6},
	pages  	= {914--924}
}

@InProceedings{Ulyanov_2017_CVPR,
	author = {Ulyanov, Dmitry and Vedaldi, Andrea and Lempitsky, Victor},
	title = {Improved Texture Networks: Maximizing Quality and Diversity in Feed-Forward Stylization and Texture Synthesis},
	booktitle = {Proceedings of the IEEE Conference on Computer Vision and Pattern Recognition (CVPR)},
	month = {July},
	year = {2017}
}

@INPROCEEDINGS{8942651,
	author={Pai, Hong-Yi},
	booktitle={2019 IEEE Eurasia Conference on IOT, Communication and Engineering (ECICE)}, 
	title={Texture designs and workflows for physically based rendering using procedural texture generation}, 
	year={2019},
	volume={},
	number={},
	pages={195--198}
}

@InProceedings{Groueix_2018_CVPR,
	author = {Groueix, Thibault and Fisher, Matthew and Kim, Vladimir G. and Russell, Bryan C. and Aubry, Mathieu},
	title = {A Papier-Mâché Approach to Learning 3D Surface Generation},
	booktitle = {Proceedings of the IEEE Conference on Computer Vision and Pattern Recognition (CVPR)},
	year = {2018}
}

@article{doi:10.1080/15394450902996601,
	author = {Quintana, G and Ciurana, J and Ribatallada, J},
	title = {Surface Roughness Generation and Material Removal Rate in Ball End Milling Operations},
	journal = {Materials and Manufacturing Processes},
	volume = {25},
	number = {6},
	pages = {386--398},
	year = {2010},
	publisher = {Taylor & Francis},
	urlday = {24},
	urlmonth = {11},
	urlyear = {2023}
}

@article{TRINCHAOANDRADE201228,
	title = {Digital preservation of Brazilian indigenous artworks: Generating high quality textures for 3D models},
	journal = {Journal of Cultural Heritage},
	volume = {13},
	number = {1},
	pages = {28--39},
	year = {2012},
	doi = {https://doi.org/10.1016/j.culher.2011.05.002},
	url = {https://www.sciencedirect.com/science/article/pii/S1296207411000513},
	author = {Beatriz {Trinchão Andrade} and Olga Regina Pereira Bellon and Luciano Silva and Alexandre Vrubel},
	keywords = {3D digital preservation, Brazilian indigenous artworks, Texture generation, Computer graphics, Image processing, Computer vision},
	urlday = {24},
	urlmonth = {11},
	urlyear = {2023},
	media = {eresource}
}

@INPROCEEDINGS{10042545,
	author={Yin, Xiangnan and Huang, Di and Fu, Zehua and Wang, Yunhong and Chen, Liming},
	booktitle={2023 IEEE 17th International Conference on Automatic Face and Gesture Recognition (FG)}, 
	title={Weakly-Supervised Photo-realistic Texture Generation for 3D Face Reconstruction}, 
	year={2023},
	volume={},
	number={},
	pages={1--8}
}

@online{survey,
	title		= {A Survey of Procedural Noise Functions},
	urlday		= 11,
	urlmonth	= 11,
	urlyear		= 2023,
	url			= {https://doi.org/10.1111/j.1467-8659.2010.01827.x},
	media        = {eresource}
}

@article{Kryzhevich,
	title	= {Задача очистки изображения от шума и вейвлет-подходы к ее решению},
	author	= {Крыжевич, Л and Ковалев, В},
	year	= 2016,
	journal = {Актуальные исследования в области математики, информатики, физики и методики их изучения в современном образовательном пространстве},
	volume 	= {1},
	number	= {1},
	pages	= {39--44}
}

@book{Smolentsev,
	author 		= {Смоленцев, Николай},
	title		= {Основы теории вейвлетов. Вейвлеты в MATLAB.},
	year		= 2014,
	address		= {Москва},
	publisher	= {ДМК Пресс},
	pages		= 628
}

@book{Chui,
	author 		= {Чуи, Ч},
	title		= {Введение в вэйвлеты},
	year		= 2001,
	address		= {Москва},
	publisher	= {Мир},
	pages		= 412
}

@online{categories,
	title		= {Procedural Noise/Categories},
	urlday		= 11,
	urlmonth	= 11,
	urlyear		= 2023,
	url			= {https://physbam.stanford.edu/cs448x/old/Procedural_Noise(2f)Categories.html},
	media        = {eresource}
}

@online{pixar,
	title		= {Wavelet Noise},
	author		= {Cook, Robert and De~Rose, Tony},
	urlday		= 11,
	urlmonth	= 11,
	urlyear		= 2023,
	url			= {https://graphics.pixar.com/library/WaveletNoise/paper.pdf},
	media        = {eresource}
}

@book{Diakonov,
	author 		= {Дьяконов, Владимир},
	title		= {Вейвлеты. От теории к практике.},
	year		= 2010,
	address		= {Москва},
	publisher	= {СОЛОН-Пресс},
	pages		= 400
}

@book{Porev,
	author 		= {Порев, Виктор},
	title		= {Компьютерная графика},
	year		= 2002,
	address		= {СПб},
	publisher	= {БХВ-Петербург},
	pages		= 432
}

@article{Novikov,
	title	= {Модифицированные вейвлеты в обработке данных аналитических приборов. I. основы теории},
	author	= {Новиков, Л},
	year	= 2006,
	number	= {1},
	pages	= {39--44},
	urlday		= 25,
	urlmonth	= 11,
	urlyear		= 2023,
	url			= {https://cyberleninka.ru/article/n/modifitsirovannye-veyvlety-v-obrabotke-dannyh-analiticheskih-priborov-i-osnovy-teorii},
	
}

@book{Malla,
	author 		= {Малла, С},
	title		= {Вэйвлеты в обработке сигналов},
	year		= 2005,
	address		= {Москва},
	publisher	= {Мир},
	pages		= 671
}

@book{Meyer,
	author 		= {Meyer, Y},
	title		= {Wavelets: Algorithms and applications.},
	year		= 1993,
	address		= {Philadelphia},
	publisher	= {S.I.A.M.},
	pages		= 129
}