@inbook{tandm,
	author="David S. Ebert and F. Kenton Musgrave and Darwyn Peachey and Ken Perlin and Steve Worley",
	title="Texturing and Modeling: A Procedural Approach (third edition)",
	publisher="--- Morgan Kaufmann Publishers",
	chapter=6,
	page="69 -- 73",
	language="english",
	year=2003
}

@inbook{focg,
	author="Steve Marschner and Peter Shirley",
	title="Fundamentals of Computer Graphics",
	publisher="--- CRC Press",
	chapter=11,
	page="243 -- 273",
	language="english",
	year=2018
}

@article{procedural,
    author   = {A. Lagae and S. Lefebvre and R. Cook and T. DeRose and G. Drettakis and D.S. Ebert and J.P. Lewis and K. Perlin and M. Zwicker},
    title    = {A Survey of Procedural Noise Functions},
    journal  = {Computer Graphics Forum},
    year     = {2010},
	number   = {0},
    pages    = {1-20},
    language = english
}

@article{perlin,
    author   = {Perlin K.},
    title    = {An Image Synthesizer},
    journal  = {SIGGRAPH 85},
    year     = {1985},
	number   = {19},
    pages    = {287–296},
    language = english
}

@article{impperlin,
    author   = {Perlin K.},
    title    = {Improving noise},
    journal  = {SIGGRAPH 2002},
    year     = {2002},
	number   = {},
    pages    = {681–682},
    language = english
}

@article{bettergrad,
    author   = {Andrew Kensler and Aaron Knoll and Peter Shirley},
    title    = {Better Gradient Noise},
    journal  = {},
    year     = {2008},
	number   = {},
    pages    = {},
    language = english
}

@misc{golang,
	title="The Go Programming Language [Электронный ресурс].",
	howpublished="--- Режим доступа: \url{https://go.dev/doc/} (дата обращения: 29.09.2022)."
}




